@book{666,
	author    = "Ulrich Baer",
	title     = "666 Spiele: f{\"u}r jede Gruppe, f{\"u}r alle Situationen [der Titel {\"a}ndert sich wahrscheinlich, wenn bei einer Neuauflage noch mehr Spiele dazukommen]",
	publisher = "Kallmeyersche Verlagsbuchhandlung",
	year      = "1994",
	edition   = "7.",
	address   = "Seelze (Velber)",
	note      = "Dieses Buch beschreibt brauchbar verst{\"a}ndlich f{\"u}r wenig Geld sehr viele gute Spiele. Die Spiele sind mit Schlagworten versehen. Die alphabetische Sortierung ist leider v{\"o}llig unbrauchbar, wenn man ein bestimmtes Spiel oder eine bestimmte Sorte Spiel schnell finden m{\"o}chte. Dabei hilft auch die thematisch sortierte Liste am Ende des Buchs nicht viel. Dieses Buch ist auch f{\"u}r teures Geld als Datenbank zu haben, die ich mir allerdings nicht bestellt habe."
}

@book{games,
	author    = "Josef W. Seifert \and Heinz-Peter G{\"o}bel",
	title     = "Games: Spiele f{\"u}r Moderatoren und Gruppenleiter~-- kurz, knackig, frech",
	publisher = "GABAL Verlag",
	year      = "1998",
	address   = "Offenbach",
	note      = "Dieses Buch stellt sehr gut erkl{\"a}rt und schick layoutet 33~Spiele dar. Die Spiele sind {\"u}bersichtlich danach geordnet, in welcher Phase eines Seminar man sie einsetzen kann: Einstieg, Arbeitsphase, Schluss. Klasse Buch, wenn auch ein wenig teuer."
}

@book{ludus,
	author    = "Axel Rachow",
	title     = "Ludus \& Co: Didaktische Spiele f{\"u}r alle, die in und mit Gruppen arbeiten",
	publisher = "Neuland Verlag, \url{http://www.neuland-online.de/}",
	year      = "1998",
	address   = "Eichenzell",
	note      = "Dies ist kein Buch, sondern eine Kartei in einer schicken Box mit Verschluss. Die 88~Karten mit je einer Spielbeschreibung sind {\"u}bersichtlich farblich in Kategorien aufgeteilt: \emph{Warming Up, Themen bearbeiten, Kooperation \& Kommunikation, Motivation \& Auflockerung, Sensibilisierung \& Wahrnehmung} sowie \emph{Auswertung \& Abschluss}. Die Spielbeschreibungen sind {\"u}bersichtlich und gut verst{\"a}ndlich. Leider ist die Sammlung mit 46,64\,\EUR\ relativ teuer. Die Erweiterungsbox \emph{LudoCards} mit 80~weiteren Spielen kostet noch einmal 46,64\,\EUR."
}

@book{vfh,
  author    = "Frank Wippermann \and Stefan Scholz and others",
  title     = "Nun geht doch endlich spielen!",
  publisher = "v.\,f.\,h.~ Verein zur F{\"o}rderung politischen Handelns, \url{http://www.vfh-online.de/}",
  year      = "1999",
  edition   = "2.",
  address   = "Rathausgasse 11a, 53111 Bonn",
  note      = "Dieses Buch ist nur direkt beim v.\,f.\,h.~und mit viel {\"U}berredungsk{\"u}nsten erh{\"a}ltlich. Es enth{\"a}lt kurze (teilweise zu kurze) Beschreibungen von 59~Spielen, die der v.\,f.\,h.~auf den eigenen Seminaren spielt. Die v.\,f.\,h.-Seminare sind meist sehr spielintensiv und wirklich zu empfehlen."
}

@book{abend,
  author    = "Doris R{\"o}schmann",
  title     = "111 $\times$ Spa{\ss} am Abend: Heitere Spiele zur Auflockerung von Teilnehmern in Seminaren, Kursen und Freizeiten",
  publisher = "Windm{\"u}hle Verlag",
  year      = "1997",
  edition   = "3.",
  address   = "Hamburg",
  note      = "Nicht zu teures Buch mit vielen klasse Spielen~-- nicht nur am Abend, sondern zu allen Zeitpunkten eines Seminars. Mit nette Abbildungen und verst{\"a}ndlich erkl{\"a}rt."
}

@book{nasa,
  author    = "Pfeiffer, J.~W. \and Jones, J.~E.",
  title     = "A handbook of structured experiences for human relations training, Vol.~I~+~II",
  publisher = "University Associates Press",
  year      = "1970",
  address   = "Iowa City",
  note      = "In diesen beiden B{\"u}chern ist das NASA-Spiel zu finden."
}

@book{writers,
  author    = "Gabriel, Richard P.",
  title     = "Writers' Workshops \& the Work of Making Things",
  publisher = "Pearson Education",
  year      = "2002",
  address   = "Upper Saddle River",
  note      = "Dieses Buch beschreibt detailliert die Durchf{\"u}hrung eines \emph{Writer's Workshop}."
}

@book{1000spiele,
  author    = "Hirling, Hans",
  title     = "Das gro{\ss}e Buch der 1000 Spiele",
  publisher = "Herder",
  year      = "2006",
  address   = "Freiburg",
  note      = "Dieses Buch bietet mit Fokus auf die Kinder- und Jugendarbeit eine sehr breite Auswahl von tats{\"a}chlich mehr als 1000 Spielen sowie einige hilfreiche Hinweise f{\"u}r die Planung von Spielen. Die Beschreibungstexte sind kurz und knackig gehalten. Ein weiteres Leckerli ist die beiliegende CD-ROM mit dem kompletten Buch als PDF. Leider mangelt es dem Werk ein wenig an {\"U}bersichtlichkeit: Ein Register mit den Spieltiteln fehlt genauso wie ein detailliertes Inhaltsverzeichnis. So ist es schwierig, ein bestimmtes Spiel schnell wiederzufinden. Bei den Spielen fehlt eine {\"u}berfliegbare Auflistung von Zeitbedarf, Material und Anzahl der Mitspielerinnen."
}

@book{erlebnispaedagogik2,
  author    = "Reiners, Annette",
  title     = "Praktische Erlebnisp{\"a}dagogik 2",
  publisher = "ZIEL",
  year      = "2005",
  address   = "Augsburg",
  note      = "Dieses Werk bietet neben praxisnahmen Hintergrundinformationen zum Phasenmodell bei Teamtrainings und einem umfangreichen Praxisbeispiel eine breite Auswahl an Spielen und {\"U}bungen rund ums Kennenlernen, Grupendynamik, Kooperation und Kommunikation. Die Erl{\"a}uterungen sind {\"u}bersichtlich, umfangreich und leicht verst{\"a}ndlich. Die {\"U}bungen reichen von \glqq ganz nett f{\"u}r zwischendurch\grqq\ bis hin zu \glqq ganz sch{\"o}n heftig \ldots\ da k{\"o}nnte es vielleicht Tr{\"a}nen geben\grqq\ und sind f{\"u}r so manchen Lacher beim Durchlesen gut."
}

@book{schwebholz,
	author    = "Erich Ziegler",
	title     = "Das australische Schwebholz~-- und 199 andere Spiele f{\"u}r Trainer und Seminarleiter",
	publisher = "Gabal",
	year      = "2006",
	edition   = "2.",
	address   = "Offenbach",
	note      = "Sehr gute und praxisnahe Sammlung von vielen Spielen und Methoden rund ums Kennenlernen, Wachwerden, Aktivieren, Vertrauen und Nonsens."
}
